@inproceedings{fcs.sbseg20,
    title     = "Freechains: Dissemina{\c{c}}\~ao de Conte\'udo Peer-to-Peer",
    author    = "Francisco Sant'Anna and Fabio Bosisio and Lucas Pires",
    booktitle = "Workshop on Tools, SBSeg'20"
}
%url = "http://sbseg.sbc.org.br/2020/pt/programacao_pt.html"
